%% This BibTeX bibliography file was created using BibDesk.
%% http://bibdesk.sourceforge.net/


%% Created for FERRADANS Sira at 2013-06-27 16:11:25 +0200 


%% Saved with string encoding Unicode (UTF-8) 


@string{cviu = {Computer Vision and Image Understanding}}

@string{ijcv = {International Journal of Computer Vision}}
@string{jmiv = {Journal of Mathematical Imaging and Vision}}
@string{tip = {IEEE Transactions on Image Processing}}
@string{tpami = {IEEE Transactions on Pattern Analysis and Machine Intelligence}}


@inproceedings{Tai-cvpr-colortransfer,
 author = {Tai, Y-W. and Jia, J. and Tang, C-K.},
 title = {Local Color Transfer via Probabilistic Segmentation by Expectation-Maximization},
 booktitle = {IEEE  Conference on Computer Vision and Pattern Recognition },
 series = {CVPR'05},
 year = {2005},
volume={1},
 isbn = {0-7695-2372-2},
 pages = {747--754},
 numpages = {8},
 url = {http://dx.doi.org/10.1109/CVPR.2005.215},
 doi = {10.1109/CVPR.2005.215},
 acmid = {1068990}
} 

@inproceedings{Zaslavskiy-graph-match,
 author = {Zaslavskiy, M. and Bach, F. and Vert, J-P.},
 title = {Many-to-many graph matching: a continuous relaxation approach},
 booktitle = {European Conference on Machine Learning and Practice of Knowledge Discovery in Databases},
 series = {ECML PKDD'10},
 year = {2010},
 pages = {515--530},
 numpages = {16}
} 

@ARTICLE{Belongie-graph-match, 
author={Belongie, S. and Malik, J. and Puzicha, J.}, 
journal=tpami, 
title={Shape matching and object recognition using shape contexts}, 
year={2002}, 
volume={24}, 
number={4}, 
pages={509--522}, 
}

@ARTICLE{Yefeng-graph-match, 
author={Y. Zheng and Doermann, D.}, 
journal=tpami, 
title={Robust point matching for nonrigid shapes by preserving local neighborhood structures}, 
year={2006}, 
volume={28}, 
number={4}, 
pages={643--649}, 
}

@ARTICLE{Almohamad-graph-match, 
author={Almohamad, H. A. and Duffuaa, S. O.}, 
journal=tpami, 
title={A linear programming approach for the weighted graph matching problem}, 
year={1993}, 
volume={15}, 
number={5}, 
pages={522--525}, 
}


@article{Land:71,
	Author = {E. H. Land and J. J. McCann},
	Date-Added = {2013-06-27 14:10:19 +0000},
	Date-Modified = {2013-06-27 14:11:25 +0000},
	Doi = {10.1364/JOSA.61.000001},
	Journal = {Journal of the Optical Society of America},
	Month = {Jan},
	Number = {1},
	Pages = {1--11},
	Publisher = {OSA},
	Title = {Lightness and Retinex Theory},
	Url = {http://www.opticsinfobase.org/abstract.cfm?URI=josa-61-1-1},
	Volume = {61},
	Year = {1971},
	Bdsk-Url-1 = {http://www.opticsinfobase.org/abstract.cfm?URI=josa-61-1-1},
	Bdsk-Url-2 = {http://dx.doi.org/10.1364/JOSA.61.000001}}

@article{Amestoy09,
	Author = {R. Palma Amestoy and E. Provenzi and M. Bertalm\'{\i}o and V. Caselles},
	Bibsource = {DBLP, http://dblp.uni-trier.de},
	Date-Added = {2013-06-27 14:07:34 +0000},
	Date-Modified = {2013-06-27 14:07:48 +0000},
	Ee = {http://doi.ieeecomputersociety.org/10.1109/TPAMI.2008.86},
	Journal = tpami,
	Number = {3},
	Pages = {458-474},
	Title = {A Perceptually Inspired Variational Framework for Color Enhancement},
	Volume = {31},
	Year = {2009}}

@book{Nesterov-Nemirovsky-Book,
	Author = {Nesterov, Y. E. and Nemirovsky, A. S.},
	Date-Added = {2013-06-27 08:28:58 +0000},
	Date-Modified = {2013-06-27 08:28:58 +0000},
	Publisher = {SIAM Publishing},
	Title = {Interior Point Polynomial Methods in Convex Programming~: Theory and Algorithms},
	Year = {1993}}
	
@ARTICLE{Kantorovitch-OT,
title = {On the Translocation of Masses},
author = {Kantorovitch, L.},
year = {1958},
journal = {Management Science},
volume = {5},
number = {1},
pages = {1--4},
}


@Book{Dantzig-Book,
  author =	"G. B. Dantzig",
  year = 	"1963",
  title =	"Linear Programming and Extensions",
  publisher =	"Princeton University Press",
  address =	"Princeton, NJ",
  kwds = 	"book, nla, nlop, linear programming",
}


@INPROCEEDINGS{Pele-ICCV, 
author={Pele, O. and Werman, M.}, 
booktitle={IEEE  International Conference on Computer Vision}, 
title={Fast and robust Earth Mover's Distances}, 
year={2009}, 
series={ICCV'09},
pages={460--467} 
}

@Article{Kuhn-hungarian,
  author =	"{H. W. Kuhn}",
  title =	"The {Hungarian} Method for  the Assignment
		 Problem",
  journal =	"Naval Research Logistic Quarter",
  volume =	"2",
  pages =	"83--97",
  year = 	"1955",
}

@article{Bertsekas1988,
year={1988},
issn={0254-5330},
journal={Annals of Operations Research},
volume={14},
issue={1},
doi={10.1007/BF02186476},
title={The auction algorithm: A distributed relaxation method for the assignment problem},
author={Bertsekas, D.P.},
pages={105-123}
}


@article{Carlier_wasserstein_barycenter,
	Author = {M. Agueh and G. Carlier},
	Date-Added = {2013-06-26 14:12:19 +0000},
	Date-Modified = {2013-06-26 14:12:19 +0000},
	Journal = {SIAM Journal on Mathematical Analysis},
	Number = {2},
	Pages = {904--924},
	Title = {Barycenters in the Wasserstein space},
	Volume = {43},
	Year = {2011}}


@Article{gangbo1998optimal,
	title = "Optimal maps for the multidimensional {M}onge-{K}antorovich problem",
	author = "W. Gangbo and A. {\'S}wi\c{e}ch",
	journal = "Communications on Pure and Applied Mathematics",
	volume = "51",
	number = "1",
	pages = "23--45",
	year = "1998",
	publisher = "Citeseer"
}

@Article{mccann1997convexity,
	title = "A Convexity Principle for Interacting Gases",
	author = "R.J. McCann",
	journal = "Advances in Mathematics",
	volume = "128",
	number = "1",
	pages = "153--179",
	year = "1997",
	publisher = "Elsevier"
}

@article{Bonneel-displacement, 
author = {Bonneel, N. and {van de Panne}, M. and Paris, S. and Heidrich, W.}, 
title = {Displacement Interpolation Using Lagrangian Mass Transport}, 
journal = {ACM Transactions on Graphics (Proceedings of SIGGRAPH Asia 2011)}, 
volume = {30}, 
number = {6}, 
year = {2011}, 
}



@article{Delon:2006,
	Acmid = {2320888},
	Address = {Piscataway, NJ, USA},
	Author = {J. Delon},
	Date-Added = {2013-06-26 13:31:48 +0000},
	Date-Modified = {2013-06-26 14:15:19 +0000},
	Doi = {10.1109/TIP.2005.860328},
	Issn = {1057-7149},
	Issue_Date = {January 2006},
	Journal = tip,
	Keywords = {Equalization, flicker, histogram, movie, scale-space, scale-time},
	Month = jan,
	Number = {1},
	Numpages = {8},
	Pages = {241--248},
	Publisher = {IEEE Press},
	Title = {Movie and video scale-time equalization application to flicker reduction},
	Url = {http://dx.doi.org/10.1109/TIP.2005.860328},
	Volume = {15},
	Year = {2006},
	Bdsk-Url-1 = {http://dx.doi.org/10.1109/TIP.2005.860328}}

@inproceedings{Csink98,
	Author = {L. Csink and D. Paulus and U. Ahlrichs and B. Heigl},
	Booktitle = {In Rehrmann},
	Date-Added = {2013-06-26 13:21:38 +0000},
	Date-Modified = {2013-06-26 13:24:22 +0000},
	Pages = {49--55},
	Title = {Color Normalization and Object Localization},
	Year = {1998}}

@article{WangH04,
	Author = {C-M. Wang and Y-H. Huang},
	Bibsource = {DBLP, http://dblp.uni-trier.de},
	Date-Added = {2013-06-26 12:36:16 +0000},
	Date-Modified = {2013-06-26 12:43:22 +0000},
	Ee = {http://www.iis.sinica.edu.tw/page/jise/2004/200411_01.html},
	Journal = {Journal of Information Science and Engineering},
	Number = {6},
	Pages = {1039--1056},
	Title = {A Novel Color Transfer Algorithm for Image Sequences},
	Volume = {20},
	Year = {2004}}

@inproceedings{Xiao:2006,
	Acmid = {1128974},
	Author = {Xiao, X. and Ma, L.},
	Booktitle = {ACM International Conference on Virtual Reality Continuum and Its Applications},
	Date-Added = {2013-06-26 12:28:08 +0000},
	Date-Modified = {2013-06-26 12:43:47 +0000},
	Doi = {10.1145/1128923.1128974},
	Isbn = {1-59593-324-7},
	Keywords = {color space, color transfer, image processing},
	Location = {Hong Kong, China},
	Numpages = {5},
	Pages = {305--309},
	
	Series = {VRCIA'06},
	Title = {Color transfer in correlated color space},
	Url = {http://doi.acm.org/10.1145/1128923.1128974},
	Year = {2006},
	Bdsk-Url-1 = {http://doi.acm.org/10.1145/1128923.1128974},
	Bdsk-Url-2 = {http://dx.doi.org/10.1145/1128923.1128974}}

@book{Gonzalez:2001,
	Address = {Boston, MA, USA},
	Author = {Gonzalez, R. C. and Woods, R. E.},
	Date-Added = {2013-06-26 11:55:05 +0000},
	Date-Modified = {2013-06-26 11:55:25 +0000},
	Edition = {2nd},
	Isbn = {0201180758},
	Publisher = {Addison-Wesley Longman Publishing Co., Inc.},
	Title = {Digital Image Processing},
	Year = {2001}}

@inproceedings{2013-ssvm-mixing,
	Author = {S. Ferradans and G-S. Xia and G. Peyr{\'e} and J-F. Aujol},
	Booktitle = {Scale Space and Variational Methods in Computer Vision},
	Date-Added = {2013-06-18 13:54:41 +0000},
	Date-Modified = {2013-06-18 13:54:51 +0000},
	Doi = {10.1007/978-3-642-38267-3_12},
	Pages = {137--148},
	Title = {Static and Dynamic Texture Mixing Using Optimal Transport},
	Url = {http://hal.archives-ouvertes.fr/hal-00797078/},
	Year = {2013},
       Series = {SSVM'13},
	Bdsk-Url-1 = {http://hal.archives-ouvertes.fr/hal-00797078/},
	Bdsk-Url-2 = {http://dx.doi.org/10.1007/978-3-642-38267-3_12}}
%	Publisher = {Springer Berlin Heidelberg},
%	Series = {Lecture Notes in Computer Science},
%Volume = {7893},
@inproceedings{2013-ssvm-regul-ot,
	Author = {S. Ferradans and N. Papadakis and G. Peyr{\'e} and J-F. Aujol},
	Booktitle = {Scale Space and Variational Methods in Computer Vision},
	Date-Added = {2013-06-18 13:11:55 +0000},
	Date-Modified = {2013-06-18 13:12:21 +0000},
	Doi = {10.1007/978-3-642-38267-3_36},
	Isbn = {978-3-642-38266-6},
	Pages = {428--439},
	Title = {Regularized Discrete Optimal Transport},
	Url = {http://hal.inria.fr/hal-00797078/},
	
	Year = {2013},
       Series = {SSVM'13},
	Bdsk-Url-1 = {http://hal.inria.fr/hal-00797078/},
	Bdsk-Url-2 = {http://dx.doi.org/10.1007/978-3-642-38267-3_36}}
%Publisher = {Springer Berlin Heidelberg},
%	Series = {Lecture Notes in Computer Science},
%Volume = {7893},

@article{Lloyd57,
	Author = {Lloyd, S.P.},
	Journal = {IEEE Transactions on Information Theory, IT-20},
	Number = {2},
	Pages = {129--137},
	Title = {Least squares quantization in {PCM}},
	Volume = {28},
	Year = {1982}}

@article{tseng-proximal,
	Author = {P. Tseng},
	Date-Added = {2013-06-10 20:06:10 +0000},
	Date-Modified = {2013-06-10 20:07:54 +0000},
	Journal = {Journal of Optimization Theory and Applications},
	Number = {3},
	Pages = {475--494},
	Title = {Convergence of a Block Coordinate Descent Method for Nondifferentiable Minimization},
	Volume = {109},
	Year = {2001}}

@article{guilboa07,
	Author = {Gilboa, G. and Osher, S.},
	Date-Added = {2013-06-06 11:40:50 +0000},
	Date-Modified = {2013-06-06 11:42:39 +0000},
	Journal = {SIAM Multiscale Modeling and Simulation},
	Number = {2},
	Pages = {595---630},
	Title = {Nonlocal linear image regularization and supervised segmentation},
	Volume = {6},
	Year = {2007}}

@book{schrijver-book,
	Address = {New York, NY, USA},
	Author = {Schrijver, A.},
	Isbn = {0-471-90854-1},
	Publisher = {John Wiley \& Sons, Inc.},
	Title = {Theory of linear and integer programming},
	Year = {1986}}

@article{isomap,
	Author = {J. B. Tenenbaum and V. de Silva and J. C. Langford},
	Journal = {Science},
	Month = {Dec.},
	Number = {5500},
	Pages = {2319--2323},
	Title = {A {G}lobal {G}eometric {F}ramework for {N}onlinear {D}imensionality {R}eduction},
	Volume = {290},
	Year = {2000}}

@article{elmoataz-graph,
	Acmid = {2321599},
	Address = {Piscataway, NJ, USA},
	Author = {Elmoataz, A. and Lezoray, O. and Bougleux, S.},
	Doi = {10.1109/TIP.2008.924284},
	Issn = {1057-7149},
	Issue_Date = {July 2008},
	Journal =tip,
	Keywords = {\$p\$ -Laplacian, Image and manifold processing, nonlocal discrete regularization, weighted graph},
	Month = jul,
	Number = {7},
	Numpages = {14},
	Pages = {1047--1060},
	Publisher = {IEEE Press},
	Title = {Nonlocal Discrete Regularization on Weighted Graphs: A Framework for Image and Manifold Processing},
	Url = {http://dx.doi.org/10.1109/TIP.2008.924284},
	Volume = {17},
	Year = {2008},
	Bdsk-Url-1 = {http://dx.doi.org/10.1109/TIP.2008.924284}}

@article{haker-ijcv,
	Acmid = {1013659},
	Address = {Hingham, MA, USA},
	Author = {Haker, S. and Zhu, L. and Tannenbaum, A. and Angenent, S.},
	Doi = {10.1023/B:VISI.0000036836.66311.97},
	Issn = {0920-5691},
	Issue_Date = {December 2004},
	Journal = ijcv,
	Keywords = {elastic registration, gradient flows, image warping, mass-preservation, optimal transport},
	Month = dec,
	Number = {3},
	Numpages = {16},
	Pages = {225--240},
	Publisher = {Kluwer Academic Publishers},
	Title = {Optimal Mass Transport for Registration and Warping},
	Url = {http://dx.doi.org/10.1023/B:VISI.0000036836.66311.97},
	Volume = {60},
	Year = {2004},
	Bdsk-Url-1 = {http://dx.doi.org/10.1023/B:VISI.0000036836.66311.97}}

@inproceedings{schellewald-emmcvpr05,
	Acmid = {2155214},
	Address = {Berlin, Heidelberg},
	Author = {Schellewald, C. and Schn\"{o}rr, C.},
	Booktitle = {International Workshop on Energy Minimization Methods in Computer Vision and Pattern Recognition},
	Doi = {10.1007/11585978_12},
	Isbn = {3-540-30287-5, 978-3-540-30287-2},
	Location = {St. Augustine, FL},
	Numpages = {16},
	Pages = {171--186},
	Publisher = {Springer-Verlag},
	Series = {EMMCVPR'05},
	Title = {Probabilistic subgraph matching based on convex relaxation},
	Url = {http://dx.doi.org/10.1007/11585978_12},
	Year = {2005},
	Bdsk-Url-1 = {http://dx.doi.org/10.1007/11585978_12}}

@article{schellewald-ivc,
	Acmid = {1247798},
	Address = {Newton, MA, USA},
	Author = {Schellewald, C. and Roth, S. and Schn\"{o}rr, C.},
	Doi = {10.1016/j.imavis.2006.08.005},
	Issn = {0262-8856},
	Issue_Date = {August, 2007},
	Journal = {Image and Vision Computing},
	Keywords = {Combinatorial optimization, Convex programming, Object recognition, Quadratic assignment, Weighted graph matching},
	Month = aug,
	Number = {8},
	Numpages = {14},
	Pages = {1301--1314},
	Publisher = {Butterworth-Heinemann},
	Title = {Evaluation of a convex relaxation to a quadratic assignment matching approach for relational object views},
	Url = {http://dx.doi.org/10.1016/j.imavis.2006.08.005},
	Volume = {25},
	Year = {2007},
	Bdsk-Url-1 = {http://dx.doi.org/10.1016/j.imavis.2006.08.005}}

@article{louet-regularizaton-1d,
	Author = {J. Louet and F. Santambrogio},
	Doi = {10.1016/j.aml.2011.10.006},
	Issn = {0893-9659},
	Journal = {Applied Mathematics Letters},
	Number = {3},
	Pages = {648 - 653},
	Title = {A sharp inequality for transport maps in via approximation},
	Url = {http://www.sciencedirect.com/science/article/pii/S0893965911004939},
	Volume = {25},
	Year = {2012},
	Bdsk-Url-1 = {http://www.sciencedirect.com/science/article/pii/S0893965911004939},
	Bdsk-Url-2 = {http://dx.doi.org/10.1016/j.aml.2011.10.006}}

@article{louet-sobolev,
	Author = {J. Louet},
	Journal = {preprint},
	Title = {Some results on Sobolev spaces with respect to a measure and applications to a new transport problem},
	Year = {2012}}

@article{Ballester06,
	Author = {Ballester, C. and Caselles, V. and Igual, L. and Verdera, J. and Roug{\'e}, B.},
	Journal = ijcv,
	Number = {1},
	Pages = {43--58},
	Title = {A Variational Model for P+XS Image Fusion},
	Volume = {69},
	Year = {2006}}

@article{Benamou00,
	Author = {Benamou, J.-D. and Brenier, Y.},
	Journal = {Numerische Mathematik},
	Pages = {375--393},
	Title = {A computational fluid mechanics solution of the {M}onge-{K}antorovich mass transfer problem},
	Volume = {84},
	Year = {2000}}

@article{Bertalmio_ip07,
	Author = {Bertalmio, M. and Caselles, V. and Provenzi, E. and Rizzi, A.},
	Journal = tip,
	Number = {4},
	Numpages = {15},
	Pages = {1058--1072},
	Title = {Perceptual Color Correction Through Variational Techniques},
	Volume = {16},
	Year = {2007}}

@book{Burkard09,
	Address = {Philadelphia, PA, USA},
	Author = {Burkard, R. and Dell'Amico, M. and Martello, S.},
	Isbn = {0898716632, 9780898716634},
	Publisher = {Society for Industrial and Applied Mathematics},
	Title = {Assignment Problems},
	Year = {2009}}

@article{Chambolle11,
	Author = {Chambolle, A. and Pock, T.},
	Issn = {0924-9907},
	Issue = {1},
	Journal = jmiv,
	Pages = {120--145},
	Title = {A First-Order Primal-Dual Algorithm for Convex Problems with Applications to Imaging},
	Volume = {40},
	Year = {2011}}

@article{Chen11,
	Author = {{Chen}, Y. and {Ye}, X.},
	Journal = {Preprint arXiv:1101.6081},
	Month = {jan},
	Title = {Projection Onto A Simplex},
	Year = {2011}}

@article{Chen98atomicdecomposition,
	Author = {S. C. Chen and D. L. Donoho and M. and A. Saunders},
	Journal = {SIAM Journal on Scientific Computing},
	Pages = {33--61},
	Title = {Atomic decomposition by basis pursuit},
	Volume = {20},
	Year = {1998}}

@inproceedings{duchi-projection,
	Acmid = {1390191},
	Address = {New York, NY, USA},
	Author = {Duchi, J. and Shalev-Shwartz, S. and Singer, Y. and Chandra, T.},
	Booktitle = {International Conference on Machine Learning},
	Doi = {10.1145/1390156.1390191},
	Isbn = {978-1-60558-205-4},
	Location = {Helsinki, Finland},
	Numpages = {8},
	Pages = {272--279},
	Publisher = {ACM},
	Series = {ICML'08},
	Title = {Efficient projections onto the $\ell^1$-ball for learning in high dimensions},
	Url = {http://doi.acm.org/10.1145/1390156.1390191},
	Year = {2008},
	Bdsk-Url-1 = {http://doi.acm.org/10.1145/1390156.1390191},
	Bdsk-Url-2 = {http://dx.doi.org/10.1145/1390156.1390191}}

@article{Delon04,
	Author = {Delon, J.},
	Issue = {2},
	Journal = jmiv,
	Pages = {119--134},
	Title = {Midway Image Equalization},
	Volume = {21},
	Year = {2004}}

@book{Garey90,
	Address = {New York, NY, USA},
	Author = {Garey, M. R. and Johnson, D. S.},
	Isbn = {0716710455},
	Publisher = {W. H. Freeman \& Co.},
	Title = {Computers and Intractability; A Guide to the Theory of NP-Completeness},
	Year = {1990}}

@techreport{Raguet11,
	Author = {Raguet, H. and Fadili, J. and Peyr{\'e}, G.},
	Institution = {Preprint Hal-00613637},
	Title = {Generalized Forward-Backward Splitting},
	Url = {http://hal.archives-ouvertes.fr/hal-00613637/},
	Year = {2011},
	Bdsk-Url-1 = {http://hal.archives-ouvertes.fr/hal-00613637/}}

@inproceedings{McCollum07,
	Author = {McCollum, A. J. and Clocksin, W. F.},
	Booktitle = {International Conference on Image Analysis and Processing},
	Pages = {659--664},
	Series = {ICIAP'07},
	Title = {Multidimensional Histogram Equalization and Modification},
	Year = {2007}}

@article{Morovic03,
	Author = {Morovic, J. and Sun, P-L.},
	Issn = {0167-8655},
	Journal = {Pattern Recognition Letters},
	Number = {11},
	Pages = {1725--1735},
	Title = {Accurate 3D image colour histogram transformation},
	Volume = {24},
	Year = {2003}}

@article{peyre-ipi-11,
	Author = {Peyr{\'e}, G. and Bougleux, S. and Cohen, L. D.},
	Journal = {Inverse Problems and Imaging},
	Number = {2},
	Pages = {511--530},
	Title = {Non-local Regularization of Inverse Problems},
	Volume = {5},
	Year = {2011}}

@article{Pitie07,
	Author = {Piti\'{e}, F. and Kokaram, A. C. and Dahyot, R.},
	Issue = {1-2},
	Journal = cviu,
	Month = {July},
	Pages = {123--137},
	Title = {Automated colour grading using colour distribution transfer},
	Volume = {107},
	Year = {2007}}

@article{Papadakis_ip11,
	Author = {Papadakis, N. and Provenzi, E. and Caselles, V.},
	Journal = tip,
	Number = {6},
	Pages = {1682--1695},
	Title = {A Variational Model for Histogram Transfer of Color Images},
	Volume = {20},
	Year = {2011}}

@inproceedings{Rabin_icip10,
	Author = {Rabin, J. and Delon, J. and Gousseau, Y.},
	Booktitle = {IEEE International Conderence on Image Processing (ICIP'10)},
	Pages = {1933--1936},
	Title = {Regularization of transportation maps for color and contrast transfer},
	Year = {2010}}

@inproceedings{Rabin_ssvm11,
	Author = {Rabin, J. and Peyr\'{e}, G. and Delon, J. and Bernot, M.},
	Booktitle = {Scale Space and Variational Methods in Computer Vision},
	Pages = {435--446},
         Series = {SSVM'11},
	Title = {Wasserstein Barycenter and Its Application to Texture Mixing},
	Volume = {6667},
	Year = {2011}}

@article{Rabin_ip11,
	Author = {Rabin, J. and Delon, J. and Gousseau, Y.},
	Journal = tip,
	Number = {11},
	Pages = {3073--3085},
	Title = {Removing Artefacts From Color and Contrast Modifications},
	Volume = {20},
	Year = {2011}}

@inproceedings{Rabin_icip11,
	Author = {Rabin, J. and Peyr\'{e}, G.},
	Booktitle = {IEEE International Conderence on Image Processing},
	Pages = {1541--1544},
         Series = {ICIP'11},
	Title = {Wasserstein regularization of imaging problem},
	Year = {2011}}

@article{Reinhard01,
	Author = {Reinhard, E. and Adhikhmin, M. and Gooch, B. and Shirley, P.},
	Journal = {IEEE transactions on Computer Graphics and Applications},
	Number = {5},
	Pages = {34 -41},
	Title = {Color transfer between images},
	Volume = {21},
	Year = {2001}}

@inproceedings{Rubner98,
	Author = {Rubner, Y. and Tomasi, C. and Guibas, L.J.},
	Booktitle = {International Conference on Computer Vision},
	Pages = {59--66},
	Series = {ICCV'98},
	Title = {A metric for distributions with applications to image databases},
	Year = {1998}}

@book{Villani03,
	Author = {Villani, C.},
	Isbn = {9780821833124},
	Lccn = {03040350},
	Publisher = {American Mathematical Society},
	Series = {Graduate Studies in Mathematics Series},
	Title = {Topics in Optimal Transportation},
	Url = {http://books.google.fr/books?id=GqRXYFxe0l0C},
	Year = {2003},
	Bdsk-Url-1 = {http://books.google.fr/books?id=GqRXYFxe0l0C}}

@article{Zaslavskiy09,
	Author = {Zaslavskiy, M. and Bach, F. and Vert, J.-P.},
	Journal = tpami,
	Number = {12},
	Pages = {2227--2242},
	Title = {A Path Following Algorithm for the Graph Matching Problem},
	Volume = {31},
	Year = {2009}}
